@article{DER:2017,
title={Cybersecurity for distributed energy
resources and smart inverters},
author = {Junjian Qi, Adam Hahn, Xiaonan Lu, Jianhui Wang, Chen-Ching Liu},
journal = {IET Cyber-Physical Systems: Theory and Applications},
year={2016}}

@article{Solar,
title={High-penetration PV integration
handbook for distribution engineers},
author = {Seguin, R., Woyak, J., Costyk, D.,}
note = {NREL/TP-5D00-63114},
year={2016}}


@article{Kushner:2013,
title={The Real Story of Stuxnet How Kaspersky Lab tracked down the malware that stymied Iran’s nuclear-fuel enrichment program},
note = {IEEE Spectrum},
year={February, 2013}}

@article{LeeAssante:2015,
title={The industrial control system cyber kill chain},
note = {SANS},
year={2015}}

@article{BlackEnergy:2016,
title={BlackEnergy Trojan strikes again: Attacks Ukrainian electric power industry},
note = {\url{http://www.welivesecurity.com/2016/01/04/blackenergy-trojan-strikes-again-attacks-ukrainian-electric-power-industry}},
year={2016}}

@article{Havex:2014,
title={New Havex malware variants target industrial control systems},
note = {\url{http://www.pcworld.com/article/2367240/new-havex-malware-variants-target-industrial-control-system-and-scada-users.html}}}

@article{Sandworm:2014,
title={Sandworm to Blacken: The SCADA connection, TrendMicro},
note = {\url{http://blog.trendmicro.com/trendlabs-security-intelligence/sandworm-to-blacken-the-scada-connection}}}

@article{ICS-CERT:2016,
title={ICS-CERT},
note = {\url{https://ics-cert.us-cert.gov}}}

@article{Smartgridawareness:2015,
title={US power grid being hit with increasing hacking attacks as smart meters deployment continue},
note = {\url{http://smartgridawareness.org/2015/06/24/increasing-hacking-attacks-as-smart-meter-deployments-continue}}}

@INPROCEEDINGS{Costache:CND2011, 
author={M. Costache and V. Tudor and M. Almgren and M. Papatriantafilou and C. Saunders}, 
booktitle={Seventh European Conference on Computer Network Defense}, 
title={Remote Control of Smart Meters: Friend or Foe?}, 
year={2011}, 
pages={49--56}, 
month={Sept}}

@article{Rasche:IGCTD2015,
author = {G. Rasche},
title = {Cyber Security for DER, ADR, and AMI},
journal = {EPRI Seminar on Integrated Grid Concept and Technology Development},
month={Aug.},
year = {2015}}

@article{howtohack:2016,
title={How to hack the power grid through home air conditioners},
note = {\url{http://www.wired.com/2016/02/how-to-hack-the-power-grid-through-home-air-conditioners}}}

@article{paloaltonetworks:2016,
note = {\url{https://www.paloaltonetworks.com/solutions/industry/scada-and-industrial-control.html}}}

@article{CPST:WP2015,
author = {{Check Point Software Technologies}},
title = {Protecting Industrial Control Systems and SCADA Networks},
journal = {White paper},
year = {2015}}

@article{Cruz:CWT2014,
author = {T. Cruz and J. Proenca and P. Simoes and M. Aubigny and M. Ouedraogo and A. Graziano and L. Maglaras},
title = {A Distributed IDS for Industrial Control Systems},
journal = {Int. J. Cyber Warf. Terror.},
volume = {4},
number = {2},
pages = {1--22},
month = {Apr.},
year = {2014}}

@article{Neilson:2013,
author = {C. Neilson},
title = {Securing a Control Systems Network},
month={Nov.},
year = {2013}}


@article{ICS-CERT:TNV2016,
title= {Trident Niagara Vulnerabilities},
note = {\url{https://ics-cert.us-cert.gov/advisories/ICSA-12-228-01A}}}

@article{PNNL:2016,
note = {\url{http://gridoptics.pnnl.gov/VOLTTRON}}}

@article{SGIP:2016,
note = {\url{http://sgip.org/Open-Field-Message-Bus-OpenFMB-Project}}}

@article{PQube3:2016,
note = {\url{http://www.powersensorsltd.com/PQube3.php}}}

@article{energy:2011,
note = {\url{http://energy.gov/oe/downloads/roadmap-achieve-energy-delivery-systems-cybersecurity-2011}}}

@article{Susuki:PS2014,
title={Nonlinear Koopman modes and power system stability assessment without models},
author={Susuki, Yoshihiko and Mezi{\'c}, Igor},
journal={IEEE Transactions on Power Systems},
volume={29},
number={2},
pages={899--907},
year={2014}}

@article{Harp:SANS2015,
title={The state of security in control systems today},
author={D. Harp, B. Gregory-Brown},
journal={A SANS Surevy},
month={June},
year={2015}}

@article{Stouffer:NIST2011,
title={Guide to industrial control systems (ICS) security},
author={Stouffer, Keith and Falco, Joe and Scarfone, Karen},
journal={NIST special publication},
volume={800},
number={82},
pages={16--16},
year={2011}}

@inproceedings{Mohan:HCNS2013,
title={S3A: Secure system simplex architecture for enhanced security and robustness of cyber-physical systems},
author={Mohan, Sibin and Bak, Stanley and Betti, Emiliano and Yun, Heechul and Sha, Lui and Caccamo, Marco},
booktitle={Proceedings of the 2nd ACM International Conference on High Confidence Networked Systems},
pages={65--74},
year={2013},
organization={ACM}}

@inproceedings{Yoon:RTAS2013,
title={SecureCore: A multicore-based intrusion detection architecture for real-time embedded systems},
author={Yoon, Man-Ki and Mohan, Sibin and Choi, Jaesik and Kim, Jung-Eun and Sha, Lui},
booktitle={IEEE 19th Real-Time and Embedded Technology and Applications Symposium (RTAS)},
pages={21--32},
year={2013}}

@inproceedings{Gardner:PES2006,
title={Power system event location analysis using wide-area measurements},
author={Gardner, Robert M and Wang, Joshua K and Liu, Yilu},
booktitle={IEEE Power Engineering Society General Meeting},
year={2006}}

@article{GridEye,
author={{ORNL GridEye}},
note = {\url{https://en.wikipedia.org/wiki/FNET}}}

@article{Nutaro:ORNL2014,
title={Potential Cyber-attacks on Power Systems through Load Manipulation},
author={J. Nutaro},
journal={ORNL Technical Report},
year={2014}}

@article{GridEye,
title={FBI: Smart meter hacks likely to spread}.
note = {\url{http://krebsonsecurity.com/2012/04/fbi-smart-meter-hacks-likely-to-spread}}}

@article{Stankovic:EC2002,
title={Dynamic phasors in modeling and analysis of unbalanced polyphase AC machines},
author={Stankovic, Aleksandar M and Sanders, Seth R and Aydin, Timur},
journal={IEEE Transactions on Energy Conversion},
volume={17},
number={1},
pages={107--113},
year={2002}}

@article{Najy:PD2011,
title={A Bayesian passive islanding detection method for inverter-based distributed generation using ESPRIT},
author={Najy, Waleed KA and Zeineldin, HH and Alaboudy, Ali H Kasem and Woon, Wei Lee},
journal={IEEE Transactions on Power Delivery},
volume={26},
number={4},
pages={2687--2696}, 
year={2011}}

@article{Susuki:PS2014,
title={Nonlinear Koopman modes and power system stability assessment without models},
author={Susuki, Yoshihiko and Mezi{\'c}, Igor},
journal={IEEE Transactions on Power Systems},
volume={29}, 
number={2},
pages={899--907},
year={2014}}

@article{Susuki:PS2012,
title={Nonlinear Koopman modes and a precursor to power system swing instabilities},
author={Susuki, Yoshihiko and Mezic, Igor},
journal={IEEE Transactions on Power Systems},
volume={27},
number={3},
pages={1182--1191},
year={2012}}

@inproceedings{Raak:ISGT2014,
title={Partitioning power grids via nonlinear Koopman mode analysis},
author={Raak, Fredrik and Susuki, Yoshihiko and Hikihara, Takashi and Chamorro, Harold R and Ghandhari, Mehrdad},
booktitle={Innovative Smart Grid Technologies Conference (ISGT)},
pages={1--5},
year={2014}}

@article{Hemati:PF2014,
title={Dynamic mode decomposition for large and streaming datasets},
author={Hemati, Maziar S and Williams, Matthew O and Rowley, Clarence W},
journal={Physics of Fluids},
volume={26},
number={11},
pages={111701},
year={2014}}

@article{Zhu:PS2016,
title={Fast local voltage control under limited reactive power: Optimality and stability analysis},
author={Zhu, Hao and Liu, Hao Jan},
journal={IEEE Transactions on Power Systems},
volume={31},
number={5},
pages={3794--3803},
year={2016}}

@book{Seung:2012,
title={Connectome: how the brain's wiring makes us who we are},
author={Seung, Sebastian},
year={2012}}

@article{Arel:CIM2010,
title={Deep machine learning-a new frontier in artificial intelligence research [research frontier]},
author={Arel, Itamar and Rose, Derek C and Karnowski, Thomas P},
journal={IEEE Computational Intelligence Magazine},
volume={5},
number={4},
pages={13--18},
year={2010}}

@article{Shila:HS2015,
title={A multi-factor authentication approach to authenticate user – using human movements, proximity and walking patterns},
author={D. Manikantan Shila, K. Srivastava, K. Reddy, P. O’Neil},
journal={IEEE Homeland Security},
year={2015}}

@article{Geng:EB2009,
title={Incremental learning},
author={X. Geng, K. Smith-Miles},
journal={Encyclopedia of Biometrics},
pages={731-735},
year={2009}}

@article{Lee:NESCOR2013,
title={Electric sector failure scenarios and impact analyses-Draft},
author={Lee, A},
journal={National Electric Sector Cybersecurity Organization Resource (NESCOR) Technical Working Group},
volume={1},
year={2013}}

@article{Chin:PNNL,
author={G. Chin},
title={Visual Analytics Platform for Large-Scale Hierarchical Control System Data}.
note = {\url{http://vis.pnnl.gov/papers.stm}}}



%% 

@ARTICLE{Alam:EC2014, 
author={M. J. E. Alam and K. M. Muttaqi and D. Sutanto}, 
journal={IEEE Transactions on Energy Conversion}, 
title={A Novel Approach for Ramp-Rate Control of Solar PV Using Energy Storage to Mitigate Output Fluctuations Caused by Cloud Passing}, 
year={2014}, 
volume={29}, 
number={2}, 
pages={507--518}, 
month={June}}

@INPROCEEDINGS{Hess:SGT2016, 
author={T. Hess and P. Schegner and M. Schmidt}, 
booktitle={IEEE PES Innovative Smart Grid Technologies Conference Europe (ISGT-Europe)}, 
title={Studies on provision of ancillary services by distributed generation units and storage devices}, 
year={2016}, 
pages={1--6}, 
month={Oct.}}

@INPROCEEDINGS{Pires:IES2016, 
author={V. F. Pires and E. Romero-Cadaval and C. Roncero-Clemente and J. F. Martins}, 
booktitle={42nd Annual Conference of the IEEE Industrial Electronics Society}, 
title={A grid-connected PV system based on a four wire dual-buck inverter with ancillary services support}, 
year={2016}, 
pages={6534--6539},
month={Oct.}}

@ARTICLE{Kim:PS2017, 
author={W. W. Kim and J. S. Shin and J. O. Kim}, 
journal={IEEE Transactions on Power Systems}, 
title={Operation Strategy of Multi-Energy Storage System for Ancillary Service}, 
year={2017},  
number={99}, 
pages={1--1}, 
month={Feb.}}

@INPROCEEDINGS{Srikantha:ISGT2015, 
author={P. Srikantha and D. Kundur}, 
booktitle={IEEE Power Energy Society Innovative Smart Grid Technologies Conference (ISGT)}, 
title={Denial of service attacks and mitigation for stability in cyber-enabled power grid}, 
year={2015}, 
pages={1-5}, 
month={Feb.}}

@article{Cleveland:2013,
author={Frances Cleveland and Annabelle Lee},
title={Cyber Security for DER Systems},
booktitle={National Electric Sector Cybersecurity Organization Resource},
month={July},
year={2013},
note = {\url{http://smartgrid.epri.com}}}

@ARTICLE{Liu:DSC2016, 
author={Y. Liu and S. Hu and T. Y. Ho}, 
journal={IEEE Transactions on Dependable and Secure Computing}, 
title={Leveraging Strategic Detection Techniques for Smart Home Pricing Cyberattacks}, 
year={2016}, 
volume={13}, 
number={2}, 
pages={220--235}, 
month={Mar.}}

@INPROCEEDINGS{Amini:ISGT2015, 
author={S. Amini and H. Mohsenian-Rad and F. Pasqualetti}, 
booktitle={IEEE Power Energy Society Innovative Smart Grid Technologies Conference (ISGT)}, 
title={Dynamic load altering attacks in smart grid}, 
year={2015}, 
pages={1--5}, 
month={Feb.}}

@INPROCEEDINGS{Mousavian:GW2015, 
author={S. Mousavian and M. Erol-Kantarci and T. Ortmeyer}, 
booktitle={IEEE Globecom Workshops}, 
title={Cyber Attack Protection for a Resilient Electric Vehicle Infrastructure}, 
year={2015}, 
pages={1--6},  
month={Dec}}

@article{Ahmed:2016,
title={Electric Vehicle and Charging Station Technology as Vulnerabilities Threaten and Hackers Crash the Smart Grid},
author={Ahmed, S and Dow, FM},
booktitle={International Congress on Recent Development in Engineering and Technology},
year={2016},
month={Aug.}}

@INPROCEEDINGS{Wei:ICCAD2014, 
author={T. Wei and Q. Zhu and M. Maasoumy}, 
booktitle={IEEE/ACM International Conference on Computer-Aided Design (ICCAD)}, 
title={Co-scheduling of HVAC control, EV charging and battery usage for building energy efficiency}, 
year={2014}, 
pages={191--196},
month={Nov.}}

@ARTICLE{Knezovic:TE2017, 
author={K. Knezovic and S. Martinenas and P. B. Andersen and A. Zecchino and M. Marinelli}, 
journal={IEEE Transactions on Transportation Electrification}, 
title={Enhancing the Role of Electric Vehicles in the Power Grid: Field Validation of Multiple Ancillary Services}, 
year={2017}, 
volume={3}, 
number={1}, 
pages={201--209}, 
month={Mar.}}

@ARTICLE{Buja:PE2017, 
author={G. Buja and M. Bertoluzzo and C. Fontana}, 
journal={IEEE Transactions on Power Electronics}, 
title={Reactive power compensation capabilities of V2G-enabled electric vehicles}, 
year={2017}}

@INPROCEEDINGS{Guo:ICC2016, 
author={Y. Guo and Y. Jiang and J. Yu and Y. Tang}, 
booktitle={UKACC 11th International Conference on Control (CONTROL)}, 
title={Service life of EV batteries used in power grid frequency regulation}, 
year={2016}, 
pages={1--6},  
month={Aug.}}

@INPROCEEDINGS{Mohamed:PEC2016, 
author={A. A. S. Mohamed and A. Berzoy and O. Mohammed}, 
booktitle={IEEE 2nd Annual Southern Power Electronics Conference (SPEC)}, 
title={Predictive active power-flow control of two-way wireless power transfer system in V2G services}, 
year={2016}, 
pages={1--6},  
month={Dec.}}

@article{Ghansah:PIER2009,
title={Smart grid cyber security potential threats, vulnerabilities and risks},
author={Ghansah, Isaac},
journal={California Energy Commission, PIER Energy-Related Environmental Research Program, CEC-500-2012-047},
year={2009}}